<?xml version="1.0" encoding="UTF-8"?><record xmlns="http://www.loc.gov/MARC21/slim" xmlns:cinclude="http://apache.org/cocoon/include/1.0" xmlns:zs="http://www.loc.gov/zing/srw/">
  <leader>00503cz  a2200121n  4500</leader>
  <controlfield tag="001">n 2005202267</controlfield>
  <controlfield tag="003">DLC</controlfield>
  <controlfield tag="005">20050928051140.0</controlfield>
  <controlfield tag="008">050928n| acannaabn          |n aaa      </controlfield>
  <datafield tag="010" ind1=" " ind2=" ">
    <subfield code="a">n 2005202267</subfield>
  </datafield>
  <datafield tag="040" ind1=" " ind2=" ">
    <subfield code="a">DLC</subfield>
    <subfield code="b">eng</subfield>
    <subfield code="c">DLC</subfield>
  </datafield>
  <datafield tag="100" ind1="1" ind2=" ">
    <subfield code="a">Nkwiine, Charles</subfield>
  </datafield>
  <datafield tag="670" ind1=" " ind2=" ">
    <subfield code="a">Nkwiine, Charles. The effects of market-oriented agriculture on selected agrobiodiversity, household income, and food security components, c2004:</subfield>
    <subfield code="b">t.p. (Charles Nkwiine) p. v (currently a lecturer in Makerere University's Faculty of Agriculture)</subfield>
  </datafield>
</record>